@inproceedings{Phan,
 author = {Phan, Dung H. and Suzuki, Junichi and Carroll, Raymond and Balasubramaniam, Sasitharan and Donnelly, William and Botvich, Dmitri},
 title = {Evolutionary Multiobjective Optimization for Green Clouds},
 booktitle = {Proceedings of the 14th Annual Conference Companion on Genetic and Evolutionary Computation},
 series = {GECCO '12},
 year = {2012},
 isbn = {978-1-4503-1178-6},
 location = {Philadelphia, Pennsylvania, USA},
 pages = {19--26},
 numpages = {8},
 url = {http://doi.acm.org.ezproxy.morris.umn.edu/10.1145/2330784.2330788},
 doi = {10.1145/2330784.2330788},
 acmid = {2330788},
 publisher = {ACM},
 address = {New York, NY, USA},
 keywords = {cloud computing, evolutionary multiobjective optimization, internet data centers, renewable energy, sustainability},
}

@inproceedings{Han,
 author = {Han, Ke and Cai, Xiaobo},
 title = {Speed-Scaling-based Job/Tasks Deployment for Energy-efficient Datacenters in Cloud Computing},
 booktitle = {Proceedings of the Second International Conference on Innovative Computing and Cloud Computing},
 series = {ICCC '13},
 year = {2013},
 isbn = {978-1-4503-2119-8},
 location = {Wuhan, China},
 pages = {154:154--154:157},
 articleno = {154},
 numpages = {4},
 url = {http://doi.acm.org.ezproxy.morris.umn.edu/10.1145/2556871.2556905},
 doi = {10.1145/2556871.2556905},
 acmid = {2556905},
 publisher = {ACM},
 address = {New York, NY, USA},
 keywords = {Cloud computing, Energy efficiency, Job/tasks deployment, QoS, Speed scaling},
}


@inproceedings{Hassan,
 author = {Hassan, Mahamat Issa and Bahsoon, Rami},
 title = {Green-as-a-service (GaaS) for Cloud Service Provision Operation},
 booktitle = {Proceedings of the 29th Annual ACM Symposium on Applied Computing},
 series = {SAC '14},
 year = {2014},
 isbn = {978-1-4503-2469-4},
 location = {Gyeongju, Republic of Korea},
 pages = {1219--1220},
 numpages = {2},
 url = {http://doi.acm.org.ezproxy.morris.umn.edu/10.1145/2554850.2555182},
 doi = {10.1145/2554850.2555182},
 acmid = {2555182},
 publisher = {ACM},
 address = {New York, NY, USA},
 keywords = {cloud computing, energy efficiency, green computing},
}

@inproceedings{Yanggratoke,
 author = {Yanggratoke, Rerngvit and Wuhib, Fetahi and Stadler, Rolf},
 title = {Gossip-based Resource Allocation for Green Computing in Large Clouds},
 booktitle = {Proceedings of the 7th International Conference on Network and Services Management},
 series = {CNSM '11},
 year = {2011},
 isbn = {978-3-901882-44-9},
 location = {Paris, France},
 pages = {171--179},
 numpages = {9},
 url = {http://dl.acm.org.ezproxy.morris.umn.edu/citation.cfm?id=2147671.2147698},
 acmid = {2147698},
 publisher = {International Federation for Information Processing},
 address = {Laxenburg, Austria, Austria},
 keywords = {cloud computing, distributed management, gossip protocols, green computing, power management, resource allocation, server consolidation},
}

@article{Pan,
 author = {Pan, Yue and Blevis, Eli},
 title = {The Cloud},
 journal = {interactions},
 issue_date = {January + February 2011},
 volume = {18},
 number = {1},
 month = jan,
 year = {2011},
 issn = {1072-5520},
 pages = {13--16},
 numpages = {4},
 url = {http://doi.acm.org.ezproxy.morris.umn.edu/10.1145/1897239.1897244},
 doi = {10.1145/1897239.1897244},
 acmid = {1897244},
 publisher = {ACM},
 address = {New York, NY, USA},
}

@article{Armbrust,
 author = {Armbrust, Michael and Fox, Armando and Griffith, Rean and Joseph, Anthony D. and Katz, Randy and Konwinski, Andy and Lee, Gunho and Patterson, David and Rabkin, Ariel and Stoica, Ion and Zaharia, Matei},
 title = {A View of Cloud Computing},
 journal = {Commun. ACM},
 issue_date = {April 2010},
 volume = {53},
 number = {4},
 month = apr,
 year = {2010},
 issn = {0001-0782},
 pages = {50--58},
 numpages = {9},
 url = {http://doi.acm.org/10.1145/1721654.1721672},
 doi = {10.1145/1721654.1721672},
 acmid = {1721672},
 publisher = {ACM},
 address = {New York, NY, USA},
}

